@inproceedings{wood2000surface,
  title={Surface light fields for 3D photography},
  author={Wood, Daniel N and Azuma, Daniel I and Aldinger, Ken and Curless, Brian and Duchamp, Tom and Salesin, David H and Stuetzle, Werner},
  booktitle={Proceedings of the 27th annual conference on Computer graphics and interactive techniques},
  pages={287--296},
  year={2000}
}

@inproceedings{niemeyer2020differentiable,
	title={Differentiable volumetric rendering: Learning implicit 3d representations without 3d supervision},
	author={Niemeyer, Michael and Mescheder, Lars and Oechsle, Michael and Geiger, Andreas},
	booktitle={Proceedings of the IEEE/CVF Conference on Computer Vision and Pattern Recognition},
	pages={3504--3515},
	year={2020}
}

@article{yariv2020multiview,
	title={Multiview neural surface reconstruction by disentangling geometry and appearance},
	author={Yariv, Lior and Kasten, Yoni and Moran, Dror and Galun, Meirav and Atzmon, Matan and Ronen, Basri and Lipman, Yaron},
	journal={Advances in Neural Information Processing Systems},
	volume={33},
	pages={2492--2502},
	year={2020}
}

@inproceedings{fridovich2022plenoxels,
	title={Plenoxels: Radiance Fields Without Neural Networks},
	author={Fridovich-Keil, Sara and Yu, Alex and Tancik, Matthew and Chen, Qinhong and Recht, Benjamin and Kanazawa, Angjoo},
	booktitle={Proceedings of the IEEE/CVF Conference on Computer Vision and Pattern Recognition},
	pages={5501--5510},
	year={2022}
}

@inproceedings{sun2022direct,
	title={Direct voxel grid optimization: Super-fast convergence for radiance fields reconstruction},
	author={Sun, Cheng and Sun, Min and Chen, Hwann-Tzong},
	booktitle={Proceedings of the IEEE/CVF Conference on Computer Vision and Pattern Recognition},
	pages={5459--5469},
	year={2022}
}

@article{zhang2020nerf++,
	title={Nerf++: Analyzing and improving neural radiance fields},
	author={Zhang, Kai and Riegler, Gernot and Snavely, Noah and Koltun, Vladlen},
	journal={arXiv preprint arXiv:2010.07492},
	year={2020}
}

@inproceedings{barron2021mip,
	title={Mip-nerf: A multiscale representation for anti-aliasing neural radiance fields},
	author={Barron, Jonathan T and Mildenhall, Ben and Tancik, Matthew and Hedman, Peter and Martin-Brualla, Ricardo and Srinivasan, Pratul P},
	booktitle={Proceedings of the IEEE/CVF International Conference on Computer Vision},
	pages={5855--5864},
	year={2021}
}